Record 1
LDR  00851-am  2200253I  4504
005  20040218000000.0
008  720119ü1970üüüüüüü          üüüüüüügerüu
010       $a 72514780
035       $a 40000048
040       $a na $c KSU $d CU-I
090       $a AC30 $b .A53
245  14   $a Das Altertum und jedes neue Gute : $b fèur Wolfgang Schadewaldt zum 15. Mèarz 1970 / $c herausgegeben von Konrad Gaiser
260  0    $a Stuttgart ; $a Berlin ; $a Kèoln ; $a Mainz : $a W. Kohlhammer, $c c1970
300       $a 560 p., [4] leaves of plates : $b ill. (some col.), map, music ; $c 22 cm
500       $a UCI:  RECORD HAS NO 001 - REJECT (03/04).
700  10   $a Schadewaldt, Wolfgang, $d 1900-1974
700  10   $a Gaiser, Konrad
852       $a CU-I $b tm
852       $a CU-I $b spw $3 v.c.2
899       $a O $b 223815 $c CUI
901       $a 223815
993       $a 10000483
994       $a main $a spcol
999       $b 2 $c 901221 $d m $e a $g 0

Record 2
