LDR  01181-am  2200301I  4504
001  b10096899
005  19921024000000.0
008  720817ü1963üüüüüüü          üüüüüüüengüu
035       $a 40009689
040       $a na $c HEI $d m.c. $d CU-I
041  0    $a GerEng
090       $a BC135 $b .W5 1963
100  10   $a Wittgenstein, Ludwig, $d 1889-1951
245  10   $a Tractatus logico-philosophicus. $b The German text of Logisch-philosophische Abhandlung, $c with a new translation by D.F. Pears & B.F. McGuinness, and with the introd. by Bertrand Russell
260  0    $a London, $b Routledge & Kegan Paul; $a New York, $b Humanities Press $c [1963, c1961]
300       $a xxii, 166 p. diagrs. $c 22 cm
440   0   $a International library of philosophy and scientific method
500       $a UCI:  001 DOES NOT HAVE UCI AS FIRST 3 CHARACTERS - REJECT (03/04).
500       $a "First German edition in Annalen der Naturphilosophie, 1921."
650   0   $a Logic, Symbolic and mathematical
650   0   $a Language and languages $x Philosophy
740  01   $a Logisch-philosophische Abhandlung
852       $a CU-I $b main
899       $a O $b 384555 $c CUI
901       $a 384555
993       $a 10096899
994       $a main
999       $b 1 $c 901221 $d m $e a $g 0

Record 3
