LDR  00657-am  2200253I  4504
001  UCIb10098835
005  19921024000000.0
008  720803ü1962üüüüüüü          üüüüüüüengüu
010       $a 50014248
035       $a 40009883
040       $a na $c WSU $d OCoLC $d CU-I
090       $a BC199.D4 $b R6 1962
100  10   $a Robinson, Richard
245  10   $a Definition
260  0    $a Oxford, $b Clarendon Press, $c 1962
300       $a 207 p
500       $a UCI:  008 FIELD HAS FILL CHARACTERS; OUTPUT AS IS (04/04).
650   0   $a Definition (Logic)
852       $a CU-I $b main
899       $a O $b 373273 $c CUI
901       $a 373273
993       $a 10098835
994       $a main
999       $b 1 $c 901221 $d m $e a $g 0

Record 4
