LDR  00775-am  2200277   4504
001  UCIb10112157
005  19921024000000.0
008  730828s1973    nyu      b    00000 eng  
010       $a 72092870
019       $a 727449
035       $a 40011215
040       $a DLC $c DLC $d CU-I
090       $a BD431 $b .R553
100  10   $a Rokeach, Milton
245  14   $a The nature of human values
260  0    $a New York, $b Free Press $c [1973]
300       $a x, 438 p. $c 24 cm
500       $a UCI:  OUTPUT 901 $a = IRB; 901 $b = 8 DIGIT NUMBER CREATED BY REMOVING INITIAL "UCIb" FROM 001 (04/04).
500       $a UCI:  OUTPUT 852 $a  = IRB (04/04).
650   0   $a Values
852       $a CU-I $b main
899       $a O $b 688664 $c CUI
901       $a 688664
993       $a 10112157
994       $a main
999       $b 1 $c 901221 $d m $e a $g 4

Record 6
