LDR  00884-am  2200325Ia 4504
001  UCIb10132880
005  19921024000000.0
008  840828s1984    enk      b    00110 eng  
010       $a 84018982
020       $a 0416366503 (hard)
020       $a 0416366600 (pbk.) : $c 10.95 (est.)
035       $a 40013288
039  0    $a 2 $b 3 $c 3 $d 3 $e 3
040       $a DLC $c DLC $d CU-I
090       $a BF173.F85 $b K57 1984
100  10   $a Kline, Paul
260  0    $a London ; $a New York : $b Methuen, $c 1984
300       $a 177 p. ; $c 21 cm
500       $a UCI:  NO 245 FIELD; OUTPUT RECORD, CREATE 998 ERROR FIELD (04/04).
504       $a Bibliography: p. [159]-168
650   0   $a Psychoanalysis
650   0   $a Personality
650   0   $a Child psychology
852       $a CU-I $b main
899       $a O $b 11157309 $c CUI
901       $a 11157309
909       $a jc6/85
993       $a 10132880
994       $a main
999       $b 1 $c 901221 $d m $e a $g 0

Record 8
