LDR  01344-am  2200409 a 4504
001  UCIb10132910
005  19970523000000.0
008  851024s1986    nyuac    b    00110beng  
010       $a 85026027 //r87
020       $a 0393018547
035       $a 40013291
040       $a DLC $c DLC $d CU-AM $d CU-I
041  1    $a engger
090       $a BF173.F85 $b K7313 1986
100  10   $a Krèull, Marianne, $d 1936-
240  10   $a Freud und sein Vater. $l English
245  10   $a Freud and his father / $c Marianne Krèull ; translated by Arnold J. Pomerans ; preface by Helm Stierlin
250       $a 1st ed
260  0    $a New York : $b W.W. Norton, $c c1986
300       $a xxi, 294 p. : $b ill., ports. ; $c 24 cm
500       $a UCI:  NO LOC CODE IN ONLY INPUT 852 $B, SO NO OUTPUT 852 - REJECT (04/04).
500       $a Translation of: Freud und sein Vater
504       $a Bibliography: p. [273]-286
600  10   $a Freud, Sigmund, $d 1856-1939 $x Childhood and youth
600  10   $a Freud, Sigmund, $d 1856-1939 $x Family
600  10   $a Freud, Sigmund, $d 1856-1939
600  10   $a Freud, Jacob, $d 1815-1896
650   0   $a Psychoanalysts $z Austria $x Biography
650   0   $a Fathers and sons
650   0   $a Psychoanalysis $x History
852       $a CU-I $b 
899       $a O $b 12804314 $c CUI
901       $a 12804314
909       $a bf/js10/87
993       $a 10132910
994       $a main
999       $b 1 $c 910829 $d m $e a $g 0

Record 9
