LDR  01189-am  2200361 a 4504
001  UCIb10133276
008  870331s1987    enk      b    00110 eng  
010       $a 87009967
020       $a 0422613800
020       $a 0422617601 (pbk.)
035       $a 40013327
040       $a DLC $c DLC $d CU-I
090       $a BF173.F85 $b R64 1987
100  10   $a Roith, Estelle
245  14   $a The riddle of Freud : $b Jewish influences on his theory of female sexuality / $c Estelle Roith
260  0    $a London ; $a New York : $b Tavistock Publications, $c 1987
300       $a 199 p. ; $c 24 cm
440   0   $a New library of psychoanalysis ; $v 4
500       $a UCI: NO INPUT 005 FIELD - CREATE OUTPUT 005 FROM FILEDATE PARAMETER USED FOR RUN (04/04).
504       $a Bibliography: p. 176-189
600  10   $a Freud, Sigmund, $d 1856-1939 $x Views on female sexuality
600  10   $a Freud, Sigmund, $d 1856-1939 $x Relations with women
650   0   $a Oedipus complex
650   0   $a Judaism $x Influence
650   0   $a Judaism and psychoanalysis
650   0   $a Women in Judaism
852       $a CU-I $b main
899       $a O $b 15548980 $c CUI
901       $a 15548980
909       $a jc/yj5/88
993       $a 10133276
994       $a main
999       $b 1 $c 901221 $d m $e a $g 4

Record 10
