LDR  01108-bz  2200325 a 4504
001  UCIb10138043
005  19921024000000.0
008  870527s1988    njua     b    00110 eng d
010       $a 87013942
020       $a 0137325878 : $c $26.95
035       $a 40013804
040       $a DNLM/DLC $c DLC $d CU-I
090       $a BF176 $b .M87 1988
100  10   $a Murphy, Kevin R., $d 1952-
245  10   $a Psychological testing : $b principles and applications / $c Kevin R. Murphy, Charles O. Davidshofer
260  0    $a Englewood Cliffs, N.J. : $b Prentice-Hall, $c c1988
300       $a xiii, 434 p. : $b ill. ; $c 25 cm
500       $a UCI:  INVALID BIBLIOGRAPHIC LEVEL ("z") - OUTPUT RECORD, CREATE 998 ERROR FIELD (04/04).
500       $a UCI:  INVALID LEADER TYPE ("b") - OUTPUT RECORD, CREATE ANOTHER 998 ERROR FIELD (04/04).
504       $a Bibliography: p. 412-427
650   0   $a Psychological tests
650   0   $a Psychometrics
700  10   $a Davidshofer, Charles O., $d 1944-
852       $a CU-I $b main
899       $a O $b 16005736 $c CUI
901       $a 16005736
909       $a mjm12/88
993       $a 10138043
994       $a main
999       $b 1 $c 901221 $d m $e a $g 0

Record 11
