LDR  01097-am  2200349 a 4504
001  UCIb10143178
005  19921024000000.0
008  830727s1981    enka     b    00100 eng  
010       $a 81066698
015       $a GB***
020       $a 0122062205
035       $a 40014317
039  0    $a 2 $b 3 $c 3 $d 3 $e 3
040       $a DLC $c DLC $d CU-I
090       $a BF241 $b .P39 1981
245  00   $a Perceiving and remembering faces / $c edited by Graham Davies, Hadyn Ellis, and John Shepherd
260  0    $a London ; $a New York : $b Academic Press, $c 1981
300       $a xv, 329 p. : $b ill. ; $c 24 cm
440   0   $a Academic Press series in cognition and perception
500       $a UCI: ONLY INPUT 852 FIELD DOES NOT HAVE A $b WITH LOCATION CODE, SO NO OUTPUT 852 WILL BE CREATED - REJECT (04/04).
504       $a Bibliography: p. [287]-323
650   0   $a Face perception
700  10   $a Davies, Graham
700  10   $a Ellis, Hadyn
700  10   $a Shepherd, John
852       $a CU-I
899       $a O $b 8203549 $c CUI
901       $a 8203549
909       $a mab 9/30/83 8203549z
993       $a 10143178
994       $a main
999       $b 1 $c 901221 $d m $e a $g 0

Record 13
