LDR  01252-am  2200385 a 4504
001  UCIb10143804
005  19921024000000.0
008  850322s1980    nyua     b    00110 eng  
010       $a 80007454
020       $a 0677055005
035       $a 40014380
039  0    $a 2 $b 3 $c 3 $d 3 $e 3
040       $a DLC $c DLC $d CU-I
090       $a BF295 $b .B32 1980
100  10   $a Bartenieff, Irmgard
245  10   $a Body movement : $b coping with the environment / $c by Irmgard Bartenieff with Dori Lewis
260  0    $a New York : $b Gordon and Breach Science Publishers, $c c1980
300       $a xiv, 289 p. : $b ill. ; $c 26 cm
500       $a UCI:  3 INCOMING 852 FIELDS: 1ST HAS NO $b CONTAINING LOC CODE, DO NOT CREATE AN OUTPUT 852; 2ND HAS $b, CREATE OUTPUT 852; 3RD HAS EMPTY $b, DO NOT CREATE AN OUTPUT 852 (04/04).
504       $a Bibliography: p. 275-286
650   0   $a Movement, Psychology of
650   0   $a Motor ability
650   0   $a Dance therapy
650   0   $a Physical therapy
650   0   $a Movement, Psychology of $x Cross-cultural studies
700  10   $a Lewis, Dori
852       $a CU-I
852       $a CU-I $b main
852       $a CU-I $b 
899       $a O $b 6887469 $c CUI
901       $a 6887469
909       $a JC5/85
993       $a 10143804
994       $a main
999       $b 1 $c 901221 $d m $e a $g 0

Record 14
