LDR  01389-am  2200397 a 4504
001  UCIb10155600
005  19921024000000.0
008  820921s1983    nyua     b    00110 eng  
010       $a 82017403
020       $a 047186417X : $c $26.95 (est.)
035       $a 40015560
039  0    $a 2 $b 3 $c 3 $d 3 $e 3
040       $a DLC $c DLC $d CU-I
050       $a BF39 (050) $b .D323 1983
060       $a BF39 (060) $b .D323 1983
086       $a BF39 (086) $b .D323 1983
090       $a BF39 (090 $a) $b .D323 1983 (090 $b) FIRST 090
090       $a BF39 (090 $a) $b .D323 1983 (090 $b) 2ND 090
096       $a BF39 (096) $b .D323 1983
100  10   $a Davison, Mark L. $q (Mark Leonard), $d 1947-
245  10   $a Multidimensional scaling / $c Mark L. Davison
260  0    $a New York : $b Wiley, $c c1983
300       $a xiv, 242 p. : $b ill. ; $c 24 cm
440   0   $a Wiley series in probability and mathematical statistics, $p Applied probability and statistics, $x 0271-6356
500       $a UCI MONO: REC HAS 090, 050, 096, 060, 086; TAKE CALL NUM FROM 1ST 090. 090 HAS $a $b - CONCATENATE AND OUTPUT AS SINGLE 852 $j IN EACH 852 OUTPUT (04/04).
650   0   $a Multidimensional scaling
650   0   $a Psychometrics
852       $a CU-I $b main
852       $a CU-I $b malsc
852       $a CU-I $b earef
899       $a O $b 8847210 $c CUI
901       $a 8847210
909       $a mab 10/19/83 8847210z
993       $a 10155600
994       $a main
999       $b 1 $c 901221 $d m $e a $g 0

Record 16
