LDR  01186-am  2200349I  4504
001  UCIb10164364
005  19921127000000.0
008  720424s1926    nyua     b    00010 eng  
010       $a 26018644
035       $a 40016436
040       $a DLC $c AKR $d MET $d SER $d m.c. $d CU-I
050       $a BF456.D7 G6 (050 $a) $x SUBFLD x
060       $a BF456.D7 (060) $b G6
086       $a BF456.D7 (086) $b G6
096       $a BF456.D7 (096) $b G6
100  10   $a Goodenough, Florence Laura, $d 1886-
245  10   $a Measurement of intelligence by drawings, $c by Florence L. Goodenough ..
260  0    $a Yonkers-on Hudson, N.Y., $a Chicago, $b World Book Company, $c 1926
300       $a xi p., 1 ¾., 177 p. $b illus., diagrs. $c 21 cm
490  0    $a Measurement and adjustment series
500       $a UCI MONO: REC HAS 050, 096, 060, 086; TAKE CALL NUM FROM 050. 050 HAS $a $x - OUTPUT $a AS 852 $j IN EACH 852 OUTPUT; DROP THE $x (04/04).
504       $a Bibliography: p. 163-173
650   0   $a Intelligence tests
650   0   $a Drawing
650   0   $a Child psychology
852       $a CU-I $b main
852       $a CU-I $b marfd
899       $a O $b 291886 $c CUI
901       $a 291886
993       $a 10164364
994       $a main
999       $b 1 $c 901221 $d m $e a $g 0

Record 17
