LDR  01357-am  2200373 a 4504
001  UCIb10171046
005  19940801000000.0
008  861204s1987    nyua     b    10100 eng d
010       $a 86031937
020       $a 0898627052
035       $a 40017104
040       $a DNLM/DLC $c DLC $d CU-I-M
060       $a BF 575 .S45 M295 1987 (060)
086       $a BF 575 .S45 M295 1987 (086)
096       $a BF 575 .S45 M295 1987 (096 $a)
245  04   $a The Many faces of shame / $c edited by Donald L. Nathanson
260  0    $a New York : $b Guilford Press, $c c1987
300       $a xvi, 370 p. : $b ill. ; $c 24 cm
500       $a UCI MONO: REC HAS 096, 060, 086; TAKE CALL NUM FROM 096. 096 HAS SINGLE $a - OUTPUT AS 852 $j IN EACH 852 OUTPUT (04/04).
500       $a Partially based on a symposium held in Los Angeles, 1984 for the 137th Annual Meeting of the American Psychiatric Association
504       $a Includes bibliographies and index
650   0   $a Shame $x Congresses
650   0   $a Psychology, Pathological $x Congresses
650   2   $a Guilt
650   2   $a Psychoanalytic Theory
700  10   $a Nathanson, Donald L
710  20   $a American Psychiatric Association. $b Meeting $n (137th : $d 1984 : $c Los Angeles, Calif.)
852       $a CU-I $b slbar
852       $a CU-I $b sldrm
899       $a O $b 15014875 $c CIM
901       $a 15014875
993       $a 10171046
994       $a sl
999       $b 1 $c 901221 $d m $e a $g 4

Record 18
