LDR  01100-am  2200337Ia 4504
001  UCIb10216479
005  19921024000000.0
008  870217s1986    xx a          00110 eng d
020       $z 071343788X
035       $a 40021647
040       $a PCT $c PCT $d CU-I
060       $a BJ1697 (060 $a) $b .R53 1986b ($b) $z 15 Boxes ($z)
086       $a BJ1697 (086) $b .R53 1986b
100  10   $a Ribeiro, Aileen, $d 1944-
245  10   $a Dress and morality / $c Aileen Ribeiro
260  0    $a London : $b Batsford, $c 1986
300       $a 192 p. : $b ill. ; $c 26 cm
500       $a UCI MONO: REC HAS 060, 086; TAKE CALL NUM FROM 060. 060 HAS $a $b $z - CONCATENATE $a & $b AND OUTPUT AS SINGLE 852 $j IN EACH 852 OUTPUT; DROP THE $z (04/04).
500       $a Includes index
504       $a Bibliography: p. 186
650   0   $a Costume $x Moral and ethical aspects
650   0   $a Clothing and dress $x Moral and ethical aspects
852       $a CU-I $b main
852       $a CU-I $b mainx
852       $a CU-I $b ref
899       $a O $b 15204514 $c CUI
901       $a 15204514
909       $a mab/ds5/87
993       $a 10216479
994       $a main
999       $b 1 $c 901221 $d m $e a $g 0

Record 19
