LDR  01547-am  2200385 i 4504
001  UCIb10245960
005  19970523000000.0
008  791011s1980    pau      b    00100 eng  
010       $a 79023420
020       $z 0822934127
035       $a 40024596
040       $a DLC $c DLC $d CU-I
086       $a Y 1.1/5:110-111 - FIRST 086
086       $a Y 1.1/5:110-111 - 2ND 086
086       $a Y 1.1/5:110-111 - 3RD 086
245  00   $a Medicine and religion ; $b strategies of care / $c Donald W. Shriver, Jr., editor
260  0    $a Pittsburgh : $b University of Pittsburgh Press in cooperation with the Institute on Human Values in Medicine of the Society for Health and Human Values, $c c1980
300       $a xxii, 173 p. ; $c 21 cm
440   0   $a Contemporary community health series
490  1    $a Report - Institute on Human Values in Medicine ;#13
500       $a UCI MONO: REC HAS 3 086; TAKE CALL NUM FROM 1ST 086. 086 HAS SINGLE $a. OUTPUT AS 852 $j IN EACH 852 OUTPUT (04/04).
504       $a Includes bibliographical references and index
650   0   $a Medicine $x Study and teaching
650   0   $a Medicine $x Religious aspects
700  10   $a Shriver, Donald W
710  20   $a Institute on Human Values in Medicine
810  2    $a Institute on Human Values in Medicine. $t Report - Society for Health and Human Values, Institute on Human Values in Medicine ; $v no. 13
852       $a CU-I $b govpb
852       $a CU-I $b gprd
899       $a O $b 5611625 $c CUI
901       $a 5611625
909       $a ew 10-14-80 5611625z
993       $a 10245960
994       $a main
999       $b 1 $c 910829 $d m $e a $g 0

Record 20
