LDR  01007-am  2200313Ii 4504
001  UCIb1026243x
005  19921024000000.0
008  770810s1976    uk            00000 eng d
020       $a 0860370046
035       $a 40026243
040       $c CU-I
090       $a BP 173.4 $b .L4
100  10   $a Lemu, B. Aisha
245  10   $a Woman in Islam / $c B. Aisha Lemu, Fatima Heeren ; prepared under the auspices of the Islamic Foundation
260  0    $a [London] : $b Islamic Council of Europe, $c 1976
300       $a 51 p. ; $c 21 cm
500       $a UCI:  REC HAS 2 852 FIELDS, 1 HAS $b WITH BLANKS, 2 HAS NO $b; NO OUTPUT 852'S ARE CREATED - REJECT (04/04).
650   0   $a Women in Islam
700  10   $a Heeren, Fatima, $e joint author
710  20   $a Islamic Council of Europe
710  20   $a Islamic Foundation
711  20   $a International Islamic Conference $d (1976 : $c London)
852       $a CU-I $b   
852       $a CU-I
899       $a O $b 3177685 $c CUI
901       $a 3177685
993       $a 1026243x
994       $a main
999       $b 1 $c 910829 $d m $e a $g 0

Record 22
