LDR  00883dbz  2200277I  4504
001  UCIb1004212x
005  20040218000000.0
008  770705s1962    gw            00000 ger  
010       $a 07436549
035       $a 40004212
040       $a DLC $c na $d CU-I
090       $a B2948 $b .B6 1962
100  10   $a Bloch, Ernst, $d 1885-1977
250       $a Erweiterte Ausg
260  0    $a [Frankfurt am Main] $b Suhrkamp $c [1962]
300       $a 525 p. $c 23 cm
490  0    $a His Gesamtausgabe, Bd. 8
500       $a UCI:  LEADER STATUS = "d", DELETE REC; REC HAS NO 245, INVALID TYPE AND BIB LEVEL, INVALID LOC CODE IN 852 $b - OUTPUT AS DELETE RECORD, DO NOT CREATE ANY 998 FIELDS (04/04).
600  10   $a Hegel, Georg Wilhelm Friedrich, $d 1770-1831
650   0   $a Dialectic
852       $a CU-I $b XXXX
899       $a O $b 3093119 $c CUI
901       $a 3093119
993       $a 1004212x
994       $a main
999       $b 1 $c 910829 $d m $e a $g 0

Record 23
