LDR  01345-ms  2200229Ia 4504
001  UCIb66666666
005  20041000000000.0
008  921027d19811981cauuu    r    0   a0eng d
040       $a CUI $c CUI
043       $a n-us-ca
090       $a DB222.3 $b J44
245  00   $a Test title one.
260       $a Los Angeles, CA : $b Los Angeles Times, Marketing Research Dept., $c 1981.
300       $a 55 v. : $b maps ; $c 23 x 31 cm.
362  0    $a 1981-1981.
500       $a UCI:  SERIAL (TYPE IS m, BIBLEVEL IS s); TAKE CALL NUMBER FROM 852 FIELDS ONLY.
500       $a CHECK OUTPUT OF ALL 852 SUBFIELDS.
500       $a Title from cover.
650   0   $a Shopping centers $z California, Southern $x Directories.
852       $a CU-I $b sput $j Box 1 $3 v.1-10 $a Ant-drop sbfld. $b Burro-drop sbfld $c Civet $c Calico $e Ermine  $e Elephant $f Feline $g Godzilla $h Harpseal $f Flamingo $g Goldfish $h Hippo-don't output $i Iguana $j Jellyfish  $k Kangaroo $l Lemming $m Mothra $i IrishSetter $j Jenny-don't output $k Koala $l Leopard-don't output  $m Monkey $m Mouse $x XsubOne $z Zebra $3 v. none-don't output $p Parakeet $q Quail $x XsubTwo $p Panda-don't output  $z Zorro's horse $n Nile Crocodile $n Norwich Terrier-don't output $s Silverfish $t Toad $s Spider $t Trilobite- don't output $q Quacker $x XsubThree $q Quahog-don't output
852       $a CU-I $b govpb $j Box 7899 $3 volumes 1-3 $3 1944-1946-don't output $x Gift of secret donor.  $m Latest in Randy's office.
910       $a ST921027

Record 29
