LDR  01332-am  2200205Ia 4504
001  UCIb88888888
005  19981217000000.0
008  921027d19811981cauuu    r    0   a0eng d
090       $a BR199.9 $b M33
245  00   $a Test title TWO.
260       $a Los Angeles, CA : $b Los Angeles Times, Marketing Research Dept., $c 1981.
300       $a 11 p. : $b maps ; $c 2 x 2 cm.
500       $a UCI:  MONO (TYPE IS a, BIBLEVEL IS m); TAKE CALL NUMBER FROM BIB RECORD ONLY
500       $a CHECK OUTPUT OF ALL 852 SUBFIELDS.
500       $a Title from cover.
650   0   $a Shopping centers $z California, Southern $x Directories.
852       $a CU-I $b eabpr $j Box 1 $3 v.1-10 $a Ant-drop sbfld. $b Burro-drop sbfld $c Civet $c Calico $e Ermine  $e Elephant $f Feline $g Godzilla $h Harpseal $f Flamingo $g Goldfish $h Hippo-don't output $i Iguana $j Jellyfish  $k Kangaroo $l Lemming $m Mothra $i IrishSetter $j Jenny-don't output $k Koala $l Leopard-don't output  $m Monkey $m Mouse $x XsubOne $z Zebra $3 v. none-don't output $p Parakeet $q Quail $x XsubTwo $p Panda-don't output  $z Zorro's horse $n Nile Crocodile $n Norwich Terrier-don't output $s Silverfish $t Toad $s Spider $t Trilobite- don't output $q Quacker $x XsubThree $q Quahog-don't output
852       $a CU-I $b spxt $j Box 7899 $3 volumes 1-3 $3 1944-1946-don't output $x Gift of secret donor. $p 400566411
852       $a CU-I $b mabpr $h RR292.2 $i V75 $z ZNOTE one $x XNOTE one $z ZNOTE two $x XNOTE two
910       $a ST55555

Record 30
