LDR  01407-as  2200373u  4504
001  UCIb17976364
005  20041027000000.0
008  850930c19859999MAUer1p        uuua0eng d
009  10-02-85
010       $a sn 85009109
022  0    $a 0885-6540
035       $a 25633
040       $a SPI $c SPI $d NSD $d HUL $d NST $d IUL $d NST $d OCL $d NST $d CUI
042       $a nsdp $a lcd
043       $a n-us---
090       $a AP 2 N373
130  00   $a New American (Belmont, Mass.)
222  04   $a The New American $b (Belmont, Mass.)
245  14   $a The new American.
260  00   $a [Belmont, Mass. : $b Review of the News, Inc., $c c1985-
265       $a Review of the News, Inc., 395 Concord Ave., Belmont, Mass., 02178.
300       $a v. : $b ill. ; $c 28 cm.
310       $a Biweekly $b Apr. 7, 1986-
321       $a Weekly $b -Mar. 24, 1986.
362  0    $a Vol. 1, no. 1 (Sept. 30, 1985)-
500       $a RECORD HAS LINE FEED (HEX 0A) WITHIN THE 1ST 852- REJECT (12/04).
500       $a "A weekly review of the news and American opinion."
515       $a Vol. 1 complete in 14 issues.
580       $a Merger of: The Review of the news; and: American opinion.
780  14   $t Review of the news $x 0034-6802 $w (OCoLC)1874098.
780  14   $t American opinion $x 0003-0236 $a (DLC)   60023483 $w (OCoLC)1480501.
852       $a CU-I $b mlcpr $j AP 2 N373 $z Latest issues retained unti
852    
910    

Record 31
