LDR  01070-as  2200313u  450
001  UCIb17976534
005  20041028000000.0
008  901025c19909999NYUwr pe       uuua0eng d
009  11-30-90
035       $a 39608
040       $a CDS $c CDS $d NSD $d CUI
043       $a n-us---
090       $a AP2 $b .P423
245  00   $a People's weekly world.
246  10   $a World.
250       $a California [ed.]
260  00   $a New York, N.Y. : $b Long View Pub. Co., $c 1990-
265       $a Peoples Weekly World, 520 Valencia St., San Francisco, CA 94110.
300       $a v. : $b ill. ; $c 43 cm.
310       $a Weekly.
362  0    $a Vol. 5, no. 12 (Oct. 6, 1990)-
500       $a RECORD HAS CARRIAGE-RETURN (HEX 0D) AT END OF LEADER - REJECT (12/04).
650   0   $a Communism $z United States $x Periodicals.
650   0   $a Working class $z United States $x Periodicals.
650   0   $a Labor movement $z United States $x Periodicals.
730  00   $a Nuestro mundo.
780  00   $t People's daily world (New York, N.Y. : 1986) $w (OCoLC)13733648.
852       $a CU-I $b mlcpr $j AP 2 P423 $z Latest year only.
910       $a BW901220#22582310

Record 32
LDR  00000nam  2200000 a 4500

Record 33
