LDR  00852-as  2200265u  4504
001  UCIb17978555
005  20041026000000.0
008  791106c19799999NYUer1pe       uuua0eng d
009  03-28-83
010       $a sn 80011761
022  0    $a 0197-792X
035       $a 12644
040       $a VAU $c VAU $d NSD $d CUI
042       $a nsdp
090       $a AP4 $b .L54
222  04   $a The London review of books.
245  04   $a The London review of books.
246  17   $a London review.
260  00   $a [New York, $b NYREV Inc.]
265       $a The New York Review of Books, 250 West 57 Street, New York, NY 10019.
300       $a v. $b ill.  42 cm.
362  0    $a v. 1-   Oct. 25, 1979-
500       $R ECORD HAS CARRIAGE-RETURN (HEX 0D) INSIDE 008 FIELD - REJECT (12/04).
690   0   $a Books $x Reviews $x Periodicals.
852       $a CU-I $b mlcpr $j AP 4 L54 $z Latest issues retained until replaced by microfilm.

Record 34
